
@article{zhang1998fuzziness,
	title={Fuzziness-vagueness-generality-ambiguity},
	author={Zhang, Qiao},
	journal={Journal of pragmatics},
	volume={29},
	number={1},
	pages={13--31},
	year={1998},
	publisher={Elsevier}
}

@article{fuxreiter2018fuzziness,
	title={Fuzziness in protein interactions—a historical perspective},
	author={Fuxreiter, Monika},
	journal={Journal of molecular biology},
	volume={430},
	number={16},
	pages={2278--2287},
	year={2018},
	publisher={Elsevier}
}

@article{kosko1990fuzziness,
	title={Fuzziness vs. probability},
	author={Kosko, Bart},
	journal={International Journal of General System},
	volume={17},
	number={2-3},
	pages={211--240},
	year={1990},
	publisher={Taylor \& Francis}
}

@article{saaty1974measuring,
	title={Measuring the fuzziness of sets},
	author={Saaty, Thomas L},
	year={1974},
	publisher={Taylor \& Francis}
}

@book{wang2009mathematics,
	title={Mathematics of fuzziness—Basic issues},
	author={Wang, Xuzhu and Ruan, Da and Kerre, Etienne E},
	volume={245},
	year={2009},
	publisher={Springer}
}

@book{kacprzyk2012consensus,
	title={Consensus under fuzziness},
	author={Kacprzyk, Janusz and Nurmi, Hannu and Fedrizzi, Mario},
	volume={10},
	year={2012},
	publisher={Springer Science \& Business Media}
}

@article{higashi1982measures,
	title={On measures of fuzziness and fuzzy complements},
	author={Higashi, Masahiko and Klir, George J},
	year={1982},
	publisher={Taylor \& Francis}
}

@article{hampton1998similarity,
	title={Similarity-based categorization and fuzziness of natural categories},
	author={Hampton, James A},
	journal={Cognition},
	volume={65},
	number={2-3},
	pages={137--165},
	year={1998},
	publisher={Elsevier}
}

@article{gentili2018fuzziness,
	title={The fuzziness of the molecular world and its perspectives},
	author={Gentili, Pier Luigi},
	journal={Molecules},
	volume={23},
	number={8},
	pages={2074},
	year={2018},
	publisher={MDPI}
}

@article{klir1987we,
	title={Where do we stand on measures of uncertainty, ambiguity, fuzziness, and the like?},
	author={Klir, George J},
	journal={Fuzzy sets and systems},
	volume={24},
	number={2},
	pages={141--160},
	year={1987},
	publisher={Elsevier}
}

@article{ralescu1984probability,
	title={Probability and fuzziness},
	author={Ralescu, Anca L and Ralescu, Dan A},
	journal={Information Sciences},
	volume={34},
	number={2},
	pages={85--92},
	year={1984},
	publisher={Elsevier}
}

@article{sowa2013source,
	title={What is the Source of Fuzziness?},
	author={Sowa, John F},
	journal={On Fuzziness: A Homage to Lotfi A. Zadeh--Volume 2},
	pages={645--652},
	year={2013},
	publisher={Springer}
}

@article{slowinski2000scheduling,
	title={Scheduling under fuzziness},
	author={Slowi{\'n}ski, Roman and Hapke, Maciej},
	journal={Physica, Heidelberg, Germany},
	year={2000},
	publisher={Springer}
}

@article{saaty1982analytic,
	title={The analytic hierarchy process: A new approach to deal with fuzziness in architecture},
	author={Saaty, Thomas L},
	journal={Architectural Science Review},
	volume={25},
	number={3},
	pages={64--69},
	year={1982},
	publisher={Taylor \& Francis}
}

@article{banai1993fuzziness,
	title={Fuzziness in geographical information systems: contributions from the analytic hierarchy process},
	author={Banai, Reza},
	journal={International Journal of Geographical Information Science},
	volume={7},
	number={4},
	pages={315--329},
	year={1993},
	publisher={Taylor \& Francis}
}

@article{knopfmacher1975measures,
	title={On measures of fuzziness},
	author={Knopfmacher, J},
	journal={Journal of Mathematical Analysis and Applications},
	volume={49},
	number={3},
	pages={529--534},
	year={1975},
	publisher={Elsevier}
}

@book{kacprzyk1995reliability,
	title={Reliability and safety analyses under fuzziness},
	author={Kacprzyk, Janusz and Onisawa, Takehisa},
	year={1995},
	publisher={Springer}
}

@article{huang1995image,
	title={Image thresholding by minimizing the measures of fuzziness},
	author={Huang, Liang-Kai and Wang, Mao-Jiun J},
	journal={Pattern recognition},
	volume={28},
	number={1},
	pages={41--51},
	year={1995},
	publisher={Elsevier}
}

@article{ozkan2007upper,
	title={Upper and lower values for the level of fuzziness in FCM},
	author={Ozkan, Ibrahim and Turksen, IB},
	journal={Fuzzy Logic: A Spectrum of Theoretical \& Practical Issues},
	pages={99--112},
	year={2007},
	publisher={Springer}
}

@article{fisher2004helvellyn,
	title={Where is Helvellyn? Fuzziness of multi-scale landscape morphometry},
	author={Fisher, Peter and Wood, Jo and Cheng, Tao},
	journal={Transactions of the Institute of British Geographers},
	volume={29},
	number={1},
	pages={106--128},
	year={2004},
	publisher={Wiley Online Library}
}

@article{wang1996interpretation,
	title={The interpretation of fuzziness},
	author={Wang, Pei},
	journal={IEEE Transactions on Systems, Man, and Cybernetics, Part B (Cybernetics)},
	volume={26},
	number={2},
	pages={321--326},
	year={1996},
	publisher={IEEE}
}

@article{liang2002new,
	title={A new method for measuring uncertainty and fuzziness in rough set theory},
	author={Liang, Jiye and Chin, Kwai-Sang and Dang, Chuangyin and Yam, Richard CM},
	journal={International Journal of General Systems},
	volume={31},
	number={4},
	pages={331--342},
	year={2002},
	publisher={Taylor \& Francis}
}

@article{hudec2016fuzziness,
	title={Fuzziness in information systems},
	author={Hudec, Miroslav},
	journal={Switzerland (CHE): Springer Nature},
	year={2016},
	publisher={Springer}
}

@article{montero2007role,
	title={The role of fuzziness in decision making},
	author={Montero, Javier and L{\'o}pez, Victoria and G{\'o}mez, Daniel},
	journal={Fuzzy Logic: A Spectrum of Theoretical \& Practical Issues},
	pages={337--349},
	year={2007},
	publisher={Springer}
}

@article{yager1980measure,
	title={On the measure of fuzziness and negation. II. Lattices},
	author={Yager, Ronald R},
	journal={Information and control},
	volume={44},
	number={3},
	pages={236--260},
	year={1980},
	publisher={Academic Press}
}

@article{ashfaq2017fuzziness,
	title={Fuzziness based semi-supervised learning approach for intrusion detection system},
	author={Ashfaq, Rana Aamir Raza and Wang, Xi-Zhao and Huang, Joshua Zhexue and Abbas, Haider and He, Yu-Lin},
	journal={Information sciences},
	volume={378},
	pages={484--497},
	year={2017},
	publisher={Elsevier}
}

@article{bezdek1994fuzziness,
	title={Fuzziness vs. probability-again (!?)},
	author={Bezdek, JC and others},
	journal={IEEE Transactions on Fuzzy systems},
	volume={2},
	number={1},
	pages={1--3},
	year={1994},
	publisher={New York, NY: Institute of Electrical and Electronics Engineers, Inc., c1993-}
}

@article{yager1979measure,
	title={On the measure of fuzziness and negation part I: membership in the unit interval},
	author={Yager, Ronald R},
	year={1979},
	publisher={Taylor \& Francis}
}

@article{wang2015fuzziness,
	title={Fuzziness based sample categorization for classifier performance improvement},
	author={Wang, Xi-Zhao and Ashfaq, Rana Aamir Raza and Fu, Ai-Min},
	journal={Journal of Intelligent \& Fuzzy Systems},
	volume={29},
	number={3},
	pages={1185--1196},
	year={2015},
	publisher={IOS Press}
}

@article{schneider2001search,
	title={In search of realistic optimism: Meaning, knowledge, and warm fuzziness.},
	author={Schneider, Sandra L},
	journal={American psychologist},
	volume={56},
	number={3},
	pages={250},
	year={2001},
	publisher={American Psychological Association}
}

@article{fuxreiter2012fuzziness,
	title={Fuzziness: linking regulation to protein dynamics},
	author={Fuxreiter, Monika},
	journal={Molecular BioSystems},
	volume={8},
	number={1},
	pages={168--177},
	year={2012},
	publisher={Royal Society of Chemistry}
}

@article{reinertsen1999taking,
	title={Taking the fuzziness out of the fuzzy front end},
	author={Reinertsen, Donald G},
	journal={Research-Technology Management},
	volume={42},
	number={6},
	pages={25--31},
	year={1999},
	publisher={Taylor \& Francis}
}

@book{bosc2013fuzziness,
	title={Fuzziness in database management systems},
	author={Bosc, Patrick},
	volume={5},
	year={2013},
	publisher={Physica}
}

@article{kacprzyk1983multistage,
	title={Multistage decision making under fuzziness},
	author={Kacprzyk, Janusz},
	year={1983}
}

@article{wang2014study,
	title={A study on relationship between generalization abilities and fuzziness of base classifiers in ensemble learning},
	author={Wang, Xi-Zhao and Xing, Hong-Jie and Li, Yan and Hua, Qiang and Dong, Chun-Ru and Pedrycz, Witold},
	journal={IEEE Transactions on Fuzzy Systems},
	volume={23},
	number={5},
	pages={1638--1654},
	year={2014},
	publisher={IEEE}
}

@article{kandel1996fuzziness,
	title={On fuzziness and duality in fuzzy differential equations},
	author={Kandel, Abraham and Friedman, Menahem and MING, MA},
	journal={International Journal of Uncertainty, Fuzziness and Knowledge-Based Systems},
	volume={4},
	number={06},
	pages={553--560},
	year={1996},
	publisher={World Scientific}
}

@article{przele̦cki1976fuzziness,
	title={Fuzziness as multiplicity},
	author={Prze{\l}e̦cki, Marian},
	journal={Erkenntnis (1975-)},
	volume={10},
	number={3},
	pages={371--380},
	year={1976},
	publisher={JSTOR}
}

@article{foody1999continuum,
	title={The continuum of classification fuzziness in thematic mapping},
	author={Foody, Giles M},
	journal={Photogrammetric engineering and remote sensing},
	volume={65},
	pages={443--452},
	year={1999},
	publisher={ASPRS AMERICAN SOCIETY FOR PHOTOGRAMMETRY AND}
}

@article{luhandjula1996fuzziness,
	title={Fuzziness and randomness in an optimization framework},
	author={Luhandjula, MK},
	journal={Fuzzy Sets and Systems},
	volume={77},
	number={3},
	pages={291--297},
	year={1996},
	publisher={Elsevier}
}

@article{pamucar2020prioritizing,
	title={Prioritizing the weights of the evaluation criteria under fuzziness: The fuzzy full consistency method--FUCOM-F},
	author={Pamucar, Dragan and Ecer, Fatih},
	journal={Facta Universitatis, Series: Mechanical Engineering},
	volume={18},
	number={3},
	pages={419--437},
	year={2020}
}

@article{osman2004multi,
	title={A multi-level non-linear multi-objective decision-making under fuzziness},
	author={Osman, MS and Abo-Sinna, Mahmoud A and Amer, Azza H and Emam, OE20631581049},
	journal={Applied Mathematics and Computation},
	volume={153},
	number={1},
	pages={239--252},
	year={2004},
	publisher={Elsevier}
}

@book{cardoso1998fuzziness,
	title={Fuzziness in Petri nets},
	author={Cardoso, Janette and Camargo, Heloisa},
	volume={22},
	year={1998},
	publisher={Springer Science \& Business Media}
}

@article{dombi1982general,
	title={A general class of fuzzy operators, the DeMorgan class of fuzzy operators and fuzziness measures induced by fuzzy operators},
	author={Dombi, J{\'o}zsef},
	journal={Fuzzy sets and systems},
	volume={8},
	number={2},
	pages={149--163},
	year={1982},
	publisher={Elsevier}
}

@article{ghosh1993self,
	title={Self-organization for object extraction using a multilayer neural network and fuzziness mearsures},
	author={Ghosh, Ashish and Pal, Nikhil R and Pal, Sankar K},
	year={1993}
}

@article{abd2001multi,
	title={A multi-objective transportation problem under fuzziness},
	author={Abd El-Wahed, Waiel F},
	journal={Fuzzy sets and systems},
	volume={117},
	number={1},
	pages={27--33},
	year={2001},
	publisher={Elsevier}
}

@article{de2020degree,
	title={On degree of fuzziness and fuzzy decision making},
	author={De, Sujit Kumar},
	journal={Cybernetics and Systems},
	volume={51},
	number={5},
	pages={600--614},
	year={2020},
	publisher={Taylor \& Francis}
}

@incollection{sahu2017fuzziness,
	title={Fuzziness: a mathematical tool},
	author={Sahu, Atul Kumar and Sahu, Nitin Kumar and Sahu, Anoop Kumar},
	booktitle={Theoretical and Practical Advancements for Fuzzy System Integration},
	pages={1--30},
	year={2017},
	publisher={IGI Global}
}

@article{kordi2012effects,
	title={Effects of increasing fuzziness on analytic hierarchy process for spatial multicriteria decision analysis},
	author={Kordi, Maryam and Brandt, S Anders},
	journal={Computers, Environment and Urban Systems},
	volume={36},
	number={1},
	pages={43--53},
	year={2012},
	publisher={Elsevier}
}

@article{fuhrmann1988fuzziness,
	title={Fuzziness of concepts and concepts of fuzziness},
	author={Fuhrmann, Gy},
	journal={Synthese},
	volume={75},
	pages={349--372},
	year={1988},
	publisher={Springer}
}
	
@article{worrall1999public,
	title={Public perceptions of police efficacy and image: The “fuzziness” of support for the police},
	author={Worrall, John L},
	journal={American Journal of Criminal Justice},
	volume={24},
	pages={47--66},
	year={1999},
	publisher={Springer}
}

@article{kahraman2014supply,
	title={Supply chain management under fuzziness},
	author={Kahraman, Cengiz and Oztaysi, B},
	journal={Recent Developments and Techniques},
	volume={313},
	pages={1860--0808},
	year={2014},
	publisher={Springer}
}

@article{luhandjula1983linear,
	title={Linear programming under randomness and fuzziness},
	author={Luhandjula, Monga Kalonda},
	journal={Fuzzy Sets and Systems},
	volume={10},
	number={1-3},
	pages={45--55},
	year={1983},
	publisher={Elsevier North-Holland, Inc. New York, NY, USA}
}

@article{lerner1983fuzziness,
	title={Fuzziness and bureaucracy},
	author={Lerner, Allan W and Wanat, John},
	journal={Public administration review},
	pages={500--509},
	year={1983},
	publisher={JSTOR}
}

@article{delgado1998fuzziness,
	title={A fuzziness measure for fuzzy numbers: Applications},
	author={Delgado, Miguel and Vila, M Amparo and Voxman, William},
	journal={Fuzzy sets and systems},
	volume={94},
	number={2},
	pages={205--216},
	year={1998},
	publisher={Elsevier}
}

@article{alam2006removing,
	title={Removing the fuzziness from the fuzzy front-end of service innovations through customer interactions},
	author={Alam, Ian},
	journal={Industrial marketing management},
	volume={35},
	number={4},
	pages={468--480},
	year={2006},
	publisher={Elsevier}
}

@article{pal1983automatic,
	title={Automatic grey level thresholding through index of fuzziness and entropy},
	author={Pal, Sankar K and King, Robert A and Hashim, AA},
	journal={Pattern Recognition Letters},
	volume={1},
	number={3},
	pages={141--146},
	year={1983},
	publisher={Elsevier}
}

@incollection{williams2006fuzziness,
	title={Fuzziness in legal English: what shall we do with'shall'?},
	author={Williams, Christopher and others},
	booktitle={Legal language and the search for clarity},
	volume={1},
	pages={237--263},
	year={2006},
	publisher={Peter Lang}
}

@article{hawer2018guideline,
	title={Guideline for the Classification and Modelling of Uncertainty and Fuzziness},
	author={Hawer, Sven and Sch{\"o}nmann, Alexander and Reinhart, Gunther},
	journal={Procedia Cirp},
	volume={67},
	pages={52--57},
	year={2018},
	publisher={Elsevier}
}

@article{miskei2017fuzziness,
	title={Fuzziness enables context dependence of protein interactions},
	author={Miskei, Marton and Gregus, Andrea and Sharma, Rashmi and Duro, Norbert and Zsolyomi, Fruzsina and Fuxreiter, Monika},
	journal={Febs Letters},
	volume={591},
	number={17},
	pages={2682--2695},
	year={2017},
	publisher={Wiley Online Library}
}

@article{flores2014fuzziness,
	title={Fuzziness and noise in nucleosomal architecture},
	author={Flores, Oscar and Deniz, Oezgen and Soler-Lopez, Montserrat and Orozco, Modesto},
	journal={Nucleic acids research},
	volume={42},
	number={8},
	pages={4934--4946},
	year={2014},
	publisher={Oxford University Press}
}

@article{gentili2014fuzziness,
	title={The fuzziness of a chromogenic spirooxazine},
	author={Gentili, Pier Luigi},
	journal={Dyes and Pigments},
	volume={110},
	pages={235--248},
	year={2014},
	publisher={Elsevier}
}

@article{patwary2019impact,
	title={Impact of fuzziness measures on the performance of semi-supervised learning},
	author={Patwary, Muhammed JA and Wang, Xi-Zhao and Yan, Dasen},
	journal={International Journal of Fuzzy Systems},
	volume={21},
	pages={1430--1442},
	year={2019},
	publisher={Springer}
}